<?xml version="1.0" encoding="UTF-8"?><collection xmlns="http://www.loc.gov/MARC21/slim"><record><leader>00461nam--2200133-i-4500</leader><controlfield tag="001">000039317</controlfield><controlfield tag="002">20161230</controlfield><controlfield tag="005">20161230201042</controlfield><controlfield tag="008">060222s1000------------r-----000-0-eng-d</controlfield><datafield ind1=" " ind2=" " tag="080"><subfield code="a">621.039.548(043)</subfield></datafield><datafield ind1=" " ind2=" " tag="100"><subfield code="a">Rodriguez-ruiz,Luciano</subfield></datafield><datafield ind1=" " ind2=" " tag="245"><subfield code="a">Determination du facteur de conversion initiale des particules combustibles de la filiere haute temperature</subfield></datafield><datafield ind1=" " ind2=" " tag="260"><subfield code="a">Grenoble, Faculte Des Sciences De L`Univ. De Grenoble, 1971. 105 [P. + 12 Fig</subfield></datafield><datafield ind1=" " ind2=" " tag="852"><subfield code="a">40320</subfield></datafield></record></collection>